3492 5500
880 568 929 636 bl)

349 755 512 829 orientalem
538 759 649 831 quidem
674 761 736 833 eins
761 778 842 821 ornan
862 771 982 838 spectat.
1034 766 1161 825 Nostram
1185 771 1350 829 centenum
1377 774 1458 831 etia·
1493 792 1504 843 ,¹

261 939 266 950 ,
348 857 482 917 Krcbsius
495 861 524 917 in
538 862 613 920 beet.
624 864 707 921 Diod.
720 881 786 937 pag.
801 870 854 925 153
867 870 1017 925 confirmat.

451 963 501 1021 Vs.
515 967 577 1023 595.
615 965 725 1040 Scripsi
744 948 874 1043 ἄποικοι,
894 971 969 1045 qvod
988 971 1073 1045 estin
1088 972 1232 1033 codicibus
1247 980 1275 1035 et
1288 974 1457 1035 editionibus

348 1066 475 1124 omnibus
489 1073 607 1141 excepta
620 1068 762 1142 betronui,
781 1072 827 1143 qvi
839 1061 954 1128 ἴποικοι
968 1074 1064 1146 edidit,
1083 1076 1157 1149 qvod
1171 1076 1280 1135 incolae
1292 1096 1347 1139 nac
1360 1081 1457 1138 coloni

346 1168 524 1241 intelligendi
536 1177 647 1238 essent;
667 1170 719 1229 sed
739 1173 882 1233 inmunis
895 1177 1107 1250 interpretatur:
1128 1179 1232 1237 coloni.
1270 1180 1307 1237 At
1320 1182 1375 1239 hoo
1389 1183 1455 1241 loco
1486 1174 1489 1189 '

346 1288 404 1329 non
422 1272 452 1329 id
465 1273 616 1346 quaeritur,
636 1272 774 1339 fuerintne
787 1277 879 1335 bores
898 1280 974 1336 illius
995 1280 1123 1351 regionis
1142 1266 1264 1355 incolae,
1284 1283 1366 1341 irnrno
1384 1266 1457 1343 lianc

347 1367 510 1448 (Doridem)
536 1392 601 1432 esse
626 1383 745 1451 terrum,
773 1396 810 1437 ex
836 1388 888 1453 qva
916 1398 1012 1439 omnes
1030 1382 1121 1439 Dones
1148 1384 1286 1455 originem
1311 1362 1454 1445 traxerint.

346 1475 437 1546 Quare
450 1478 615 1535 Latronnius
628 1478 656 1535 in
669 1478 771 1543 Latinis
784 1484 941 1540 rectissimo
955 1484 1074 1542 colonos
1093 1485 1288 1561 interpretatus
1307 1495 1359 1547 est.
1399 1488 1455 1549 Glr.

283 1654 287 1659 .
343 1576 481 1664 llerodot.
494 1579 571 1652 Vlll,
584 1584 619 1638 31
628 1586 661 1637 et
674 1582 797 1653 Tbucyd.
809 1584 861 1656 lll,
875 1589 918 1644 92

381 1670 385 1675 ’
447 1682 497 1750 Ys.
510 1685 572 1741 682
600 1682 631 1741 ln
645 1684 790 1743 codicibus
800 1693 833 1743 et
845 1688 1014 1745 editionibus
1027 1688 1145 1759 legitur:
1163 1678 1334 1771 Ἠλέκτρας
1350 1680 1456 1751 usxod-

343 1798 401 1861 σης
418 1774 583 1863 Δάρδανον
596 1777 611 1866 Η
625 1784 681 1861 τῆς
695 1781 857 1865 λεγομένης
865 1780 1027 1861 ”Arlursog
1042 1778 1182 1850 'Iodlmccr'
1194 1798 1233 1869 ci·
1278 1795 1348 1863 Quis,
1365 1803 1455 1855 autern
1478 1793 1487 1803 “

343 1891 503 1962 contendat,
517 1889 572 1965 τῆς
589 1880 751 1967 λεγομένης
762 1882 927 1962 Ἄτλαντος
939 1902 1017 1953 recte
1031 1896 1162 1968 scriptum
1182 1890 1268 1960 esse?
1289 1898 1454 1971 intelligitur

343 1994 416 2051 enim
433 1992 551 2051 Atlantis
569 1996 634 2051 lilia.
672 1993 732 2051 lum
749 1996 829 2053 locus
846 1998 1016 2069 simillimus,
1035 2014 1076 2054 rs.
1092 2001 1154 2069 568,
1173 1999 1325 2070 legentium
1347 2002 1454 2059 animos
1516 2002 1520 2010 '

342 2095 491 2153 advertere
509 2096 639 2168 debebat,
656 2096 704 2153 bic
716 2100 893 2157 scribendum
907 2118 985 2157 esse:
1003 2094 1058 2173 τῆς
1076 2092 1454 2181 λεγομένηζᾍτλαντίδος,

341 2205 372 2255 ut
392 2216 475 2271 supra
498 2192 533 2271 (Ι.
547 2192 590 2272 d.)
604 2190 789 2268 Ἀσωπίδος.
827 2204 932 2259 Primus
952 2204 1023 2259 hanc
1044 2204 1264 2261 emendationem
1282 2206 1454 2265 verissimam

337 2301 452 2375 publico
465 2288 615 2374 proposuit
627 2302 762 2360 lirebsius
780 2305 808 2360 in
822 2305 909 2361 lectt.
923 2305 1004 2362 Diod.
1018 2322 1084 2378 pag.
1100 2310 1161 2377 153,
1185 2308 1230 2379 qvi
1244 2292 1351 2363 'ibidem
1370 2310 1453 2367 etiam

340 2402 411 2459 alins
424 2404 482 2460 loci
496 2405 716 2464 emendationem
728 2408 793 2463 milri
806 2408 968 2480 praeripuit.
1003 2408 1095 2464 Versu
1115 2410 1186 2465 eninr
1200 2412 1253 2466 690
1265 2410 1293 2467 in
1308 2410 1452 2468 codicibus

340 2510 370 2562 et
388 2505 558 2563 editionibus
576 2508 695 2577 legitur:
729 2498 814 2575 Τοὺς
841 2502 876 2564 δὲ
900 2504 1130 2590 Σαμοθρᾷκᾱς,
1159 2507 1273 2587 Τρῶας
1297 2500 1387 2580 ὄνταζ
1405 2508 1451 2591 τῷ
1547 2527 1552 2535 ·

338 2598 428 2683 γένει,
447 2596 461 2683 ll
482 2594 543 2664 dut
559 2604 616 2664 τοῦ
630 2594 727 2664 τόπου
744 2598 778 2665 δὲ
797 2607 902 2684 Τρῶας
918 2602 1183 2685 ἐπικαλουμένους,
1204 2600 1218 2687 ΙΙ
1240 2590 1278 2665 dc’
1296 2598 1451 2685 εὐσέβειαν

338 2702 551 2788 ἓγκαταμεῖνᾱι
575 2707 620 2792 τῷ
637 2700 733 2792 τόπῳ.
781 2712 909 2771 Alterum
936 2692 1187 2788 idqve'posterius
1217 2708 1344 2792 Τρῶας,
1371 2715 1450 2786 eujus

259 2857 263 2863 .
338 2817 477 2888 originem
491 2835 508 2873 a
518 2810 751 2893 prioreTpcicrg
770 2818 852 2873 facile
870 2825 999 2890 repetas,
1019 2817 1047 2872 in
1067 2812 1188 2896 Θρᾷκας
1208 2818 1361 2874 mutandum
1381 2825 1449 2876 erat.

333 2897 369 2975 ⁴ln
382 2896 574 2992 superioribus
589 2919 661 2974 enim
674 2919 809 2989 scymnus
830 2912 892 2991 (qvi
906 2901 965 2976 ln'l.
980 2919 1016 2976 de
1030 2919 1208 2976 Samothrace
1222 2919 1310 2976 insula
1323 2920 1449 2992 pluribus

337 3014 412 3096 ugit)
426 3021 545 3092 dixerat,
558 3021 670 3093 priseos
684 3022 764 3092 lrnjns
778 3022 886 3078 insulae
900 3022 1006 3078 incolas
1020 3021 1107 3076 luisse
1122 3021 1270 3094 Troianos,
1291 3039 1361 3093 qvos
1384 3021 1449 3079 inde
1491 3007 1495 3012 ⁸

335 3123 365 3180 in
383 3123 478 3180 Asiam
496 3123 685 3180 transduxerit
697 3124 838 3180 Dardanus
847 3119 857 3190 ;’
880 3126 937 3196 jam
956 3125 1060 3194 refert,
1083 3139 1133 3180 ecs
1154 3132 1259 3194 autem,
1280 3123 1325 3195 qvi
1345 3123 1449 3198 pietate

336 3225 412 3282 ducti
426 3227 454 3282 iu
467 3227 556 3282 insula
568 3227 761 3297 remanserint,
779 3243 881 3282 nornen
900 3243 956 3281 non
974 3235 1105 3282 servasse
1125 3219 1291 3300 (quanquam
1309 3226 1340 3296 ii,
1361 3227 1406 3298 qvi
1420 3227 1448 3283 iu

335 3314 430 3384 Asiam
450 3327 620 3400 transgressi
640 3334 745 3398 essent,
765 3308 972 3398 servaverint),
999 3325 1052 3382 sad
1075 3343 1091 3381 a
1111 3327 1195 3401 loco,
1221 3329 1240 3385 i.
1256 3346 1281 3385 e.
1302 3345 1318 3384 a
1337 3329 1448 3388 finitima

337 3431 464 3502 Threcia,
478 3432 612 3507 Thracum
625 3446 726 3486 nornen
740 3430 895 3501 accepisse.
1117 3409 1119 3416 ’

437 3533 488 3590 Vs.
507 3534 569 3592 714.
609 3518 708 3588 Codexv
729 3530 885 3588 Parisinus:
915 3520 1064 3605 ἐχομένως
1091 3518 1111 3604 ἦ
1138 3525 1338 3610 Σηλυμβριά,
1367 3527 1450 3605 cnjus⁴

334 3635 489 3709 scripturae
510 3634 631 3706 vestigia
649 3642 764 3691 eatenus
781 3640 913 3706 sequutus
933 3635 1008 3706 suin,
1032 3641 1164 3706 quatenus
1190 3635 1279 3691 solum
1304 3637 1447 3694 articulum

334 3732 430 3812 (cnjus
442 3738 582 3810 originem
594 3755 613 3794 e
627 3736 735 3794 codicis
748 3737 841 3794 habitu
852 3717 938 3794 lando'
951 3729 1093 3810 explices)
1114 3739 1230 3794 removi
1261 3739 1322 3794 lam
1342 3739 1446 3796 doetis-

330 3841 420 3899 unns
433 3842 557 3899 llillerus
570 3832 720 3915 ἐχομένως
732 3843 805 3897 bene
816 3841 882 3896 buia
894 3841 962 3899 loco
976 3841 1127 3910 convenire
1141 3840 1289 3911 intellexit,
1308 3847 1336 3896 et
1348 3841 1445 3912 miror,

245 3927 252 3936 ”
332 3942 526 4015 betroninm,
544 3945 613 4001 alius
633 3926 797 4014 diligentem
815 3943 925 4000 codicis
943 3944 1097 4014 asseclam,
1120 3934 1191 3998 banc
1214 3943 1379 4016 scriptmm
1397 3959 1446 4000 ne·

333 4046 478 4119 glorisso,
496 4048 625 4120 quanin
647 4046 763 4103 Graccis
782 4037 907 4119 ἐχομένη
925 4033 945 4119 ἡ
963 4036 1149 4122 Σηλυμβρία
1167 4047 1313 4104 retineret.
1352 4047 1384 4102 ln
1396 4047 1445 4107 nd·
1467 4037 1472 4050 '

331 4148 433 4205 dandis
447 4151 557 4222 quidem
570 4132 651 4224 (pag.
663 4143 733 4222 450)
745 4147 911 4209 sententium
923 4149 1071 4222 pandulum
1083 4149 1209 4215 mutarim
1230 4149 1270 4211 ibi
1285 4148 1372 4206 mium
1392 4147 1446 4206 l'si

331 4255 487 4323 werre,
509 4253 614 4325 inquit,
643 4253 671 4310 la
689 4255 773 4326 lecca
791 4251 829 4308 du
847 4253 998 4310 manuscrit
1014 4243 1141 4327 lxopra'ssp
1162 4245 1231 4324 (sed
1249 4251 1342 4308 mdes
1357 4251 1444 4310 baffi.

330 4345 484 4428 ἐχομένως
500 4349 599 4427 babet)
618 4343 740 4431 ἦΣηλ,
758 4363 877 4429 pensant
897 4373 950 4428 qve
969 4357 998 4412 lc
1015 4361 1102 4430 polite
1120 4373 1137 4412 a
1155 4371 1194 4428 pn
1212 4354 1325 4445 uouloir
1340 4354 1445 4412 loudre

301 4456 369 4515 'en
392 4473 449 4515 une
470 4461 551 4516 seam
567 4473 619 4527 ees
639 4459 715 4516 deux
731 4460 872 4530 syllabas,
896 4475 1004 4516 comme
1025 4459 1062 4516 la
1084 4459 1133 4516 luit
1151 4457 1341 4532 Aristophane
1360 4451 1477 4524 Tuis-1

330 4563 499 4637 nopnset:
512 4555 539 4618 ed
551 4553 586 4618 ds*
597 4551 641 4637 μὴ
653 4549 750 4637 ἡμεῖς
772 4561 841 4619 llicn
853 4579 891 4620 nc
904 4559 1007 4620 rs'ttait
1017 4565 1083 4637 ptus
1095 4563 1178 4620 facile
1190 4579 1246 4634 qve
1261 4561 1296 4618 dc
1309 4561 1363 4618 lire
1375 4551 1445 4653 lxo-
