3492 5500
391 800 440 857 Vs.
449 802 508 859 153.
535 798 571 857 Ut
583 814 666 871 sapsa
680 793 737 871 (vs.
748 793 817 871 152)
827 801 857 856 in
869 800 970 883 codiee
983 800 1106 857 Palatino
1120 800 1200 856 deest
1213 801 1346 873 partionis
1358 791 1414 872 pse'a

300 907 366 976 post
384 919 482 959 vooern
499 892 623 977 μεγέθει
640 894 735 973 (qvam
756 908 845 970 tannen
858 903 998 959 Parisinus
1017 902 1115 973 babet,
1134 910 1164 957 ut
1184 919 1270 974 nuper
1290 884 1413 959 biillerus

300 1006 380 1076 vidit,
398 1005 436 1061 its
454 1012 484 1060 ut
498 1020 597 1062 errore
610 1005 717 1090 librarii
730 1004 758 1061 in
771 1006 894 1063 Palatino
909 1006 1011 1081 omissa
1025 1011 1053 1060 et
1066 1002 1226 1075 conjectura
1240 1005 1273 1059 ab
1284 1004 1412 1061 -Hbsobe

302 1108 342 1163 iio
362 1114 408 1163 aut
421 1107 568 1191 scaligero
585 1113 664 1163 reete
685 1106 777 1162 addita
790 1092 863 1179 sit),¹
872 1108 910 1164 ita
923 1108 969 1163 hio
982 1107 1027 1163 vel
1041 1107 1069 1161 in
1082 1107 1205 1163 Parisino
1219 1106 1354 1179 particula
1367 1099 1411 1175 dd,
1533 1167 1537 1171 ,

301 1226 371 1281 qvae
385 1225 503 1281 prorsus
516 1208 676 1265 neeessaria
695 1216 753 1280 est,
778 1209 920 1265 omittitur.
958 1209 1071 1265 Priores
1091 1208 1215 1264 editores
1234 1224 1331 1266 omnes
1352 1221 1412 1265 earn

298 1313 457 1382 neglexere
482 1327 536 1367 neo
561 1308 707 1382 quiequam
729 1284 1064 1367 deesse'intellexerniatj
1101 1308 1218 1366 Viderat
1242 1318 1332 1367 autem
1356 1312 1412 1367 boo

203 1423 208 1427 “
299 1414 395 1469 vitium
415 1419 479 1468 ante
498 1429 542 1469 me
558 1413 615 1483 jana
633 1407 779 1483 Krebsius,
798 1406 846 1484 qvi
865 1414 893 1469 in
907 1414 993 1469 beott.
1012 1412 1128 1468 Diodor.
1143 1429 1208 1485 pag.
1224 1410 1275 1469 166
1287 1414 1411 1468 seriben-

301 1514 365 1571 dum
383 1530 448 1571 esse
469 1520 582 1570 oeuset:
607 1504 732 1597 donivd
747 1505 867 1589 ὂγέλας,
886 1532 964 1588 qvam
985 1513 1149 1571 emendandi
1169 1514 1305 1571 rationem
1324 1514 1412 1577 solans

301 1604 447 1673 tenendam
459 1605 566 1688 o'ensui5
585 1616 693 1687 reioota
711 1617 809 1688 attera,
828 1634 865 1673 ex
885 1634 937 1689 qva
955 1607 993 1671 dl
1001 1622 1067 1689 post
1080 1606 1190 1690 ἀγέλας
1202 1616 1309 1673 demum
1323 1617 1411 1673 ooilo·

184 1793 187 1799 Ι
301 1724 389 1790 eatur,
404 1718 480 1791 qvod
492 1718 643 1775 betrouuio
655 1718 685 1775 iu
703 1718 827 1776 editione
848 1736 898 1775 sua
917 1718 1029 1793 piaouit.
1066 1719 1142 1775 Hane
1156 1712 1411 1805 aiteram'emonda-

300 1822 407 1877 tionem
423 1818 558 1877 Krabsius
574 1836 684 1892 quomo
700 1815 919 1893 memoraverat,
937 1827 968 1878 ut
988 1825 1084 1879 eontra
1103 1820 1267 1878 betrounius
1289 1822 1412 1895 priorem

300 1922 385 1995 iilam,
399 1923 575 1995 quommodo
589 1924 697 1980 eateulo
710 1940 774 1980 meo
787 1924 916 1997 probavi.
1305 1924 1307 1931 '

242 2032 247 2035 ’
293 2064 305 2086 .-
403 2024 454 2082 Vs.
467 2029 528 2084 189.
561 2024 662 2081 Omnes
681 2025 821 2083 editiones
840 2032 870 2082 et
887 2024 961 2082 baud
978 2024 1060 2082 dabie
1075 2012 1156 2085 etiam
1169 2026 1412 2085 oodexl’alatinas

301 2133 331 2184 et
348 2127 534 2201 apographon
555 2125 711 2185 casauboni
735 2121 829 2199 (uuila,
845 2128 919 2184 enirn
937 2128 1067 2185 lectionis
1089 2130 1209 2184 varietas
1228 2144 1282 2184 nee
1300 2130 1334 2184 ab
1355 2128 1411 2185 Hb·-
1436 2160 1438 2173 ·

300 2231 409 2286 sebeiio
428 2247 482 2286 nee
496 2230 530 2285 ab
543 2228 677 2314 liadsono
691 2223 817 2301 notatur)
838 2214 954 2287 babent:
975 2210 1081 2307 ι’ἱκραν.
1120 2230 1206 2297 Qvurn
1218 2234 1308 2287 tannen
1321 2230 1350 2287 in
1364 2214 1411 2287 od·

300 2332 365 2404 dieo
390 2325 517 2388 Parisino
543 2319 642 2416 ἅδραν
669 2324 743 2403 (sio)
770 2333 902 2404 seriptum
928 2340 1020 2405 esset,
1054 2332 1218 2403 Letronnius
1244 2320 1342 2409 ἁδράν
1367 2339 1413 2389 aut
1508 2394 1511 2401 ⁴

301 2422 397 2511 topia
409 2434 496 2491 soribi
508 2434 612 2505 maluit,
631 2438 661 2489 ut
673 2421 769 2510 topia
780 2422 908 2510 γελάσαι
928 2436 1037 2491 dieitur.
1072 2435 1193 2491 Verbum
1207 2435 1280 2491 eninr
1293 2426 1412 2494 drosel-

300 2552 362 2593 νειν
382 2529 426 2603 εἰς
445 2538 502 2594 boo
520 2552 605 2593 sensu
623 2537 786 2621 plerumque
806 2538 981 2595 intransitive
1000 2513 1162 2607 decurrere,
1181 2538 1219 2593 ita
1237 2544 1267 2593 ut
1288 2525 1413 2615 σφόδρα
1461 2594 1466 2604 Ι

301 2641 362 2698 siva
380 2621 467 2713 padio
485 2640 546 2696 sive
565 2639 621 2695 tale
641 2640 707 2711 qvid
725 2639 847 2695 additum
864 2648 1023 2717 exspectes.
1065 2640 1155 2695 Locos
1171 2640 1411 2720 quidem-deside·

299 2744 368 2814 rari,
383 2742 460 2800 addit
472 2741 648 2812 betronuius,
668 2742 697 2798 iu
719 2742 817 2814 qvibus
835 2718 936 2819 ἁδράν
952 2743 1008 2799 hoe
1022 2741 1105 2798 modo
1119 2742 1239 2815 legatur,
1253 2743 1304 2800 sed
1318 2744 1412 2802 analo·

302 2845 377 2918 giam
395 2845 520 2919 adverbii
537 2831 661 2921 μακράν
685 2845 906 2901 emendationem
932 2861 1008 2901 suam
1026 2846 1094 2901 satis
1112 2845 1226 2910 iuioire;
1266 2846 1421 2916 stpnnun'
1482 2901 1484 2906 .

286 2949 385 3020 enin,
404 2951 488 3021 quum
506 2948 534 3003 ei
554 2940 627 3020 opus
648 2954 726 3004 esset
743 2947 889 3019 adverbio,
910 2947 986 3020 qvod
1003 2943 1167 3016 bisyllabunn
1185 2952 1214 3003 et
1231 2948 1324 3005 vossii
1344 2947 1412 3004 inei·

301 3057 398 3125 peret‚
421 3067 475 3124 pro
492 3037 579 3122 μάλα
583 3037 758 3126 ‚apsidem
776 3040 855 3125 μέγα
873 3050 934 3106 sive
952 3037 1076 3126 μακράν
1097 3049 1202 3106 dixisse
1220 3051 1247 3106 b.
1263 3051 1282 3106 i.
1303 3037 1412 3128 ἁδράν.

301 3153 595 3224 Artogerassam,
614 3153 685 3208 base
703 3152 853 3224 ingeniose
872 3152 982 3224 qvidem
1002 3153 1161 3222 excogitata
1182 3169 1265 3223 esse,
1284 3153 1337 3210 sed
1356 3170 1412 3210 non

302 3256 370 3313 satis
383 3257 502 3326 firmata,
521 3254 654 3328 imprimis
673 3255 698 3311 si
714 3255 933 3326 meminerimus,
954 3255 1065 3329 saepius
1083 3255 1128 3310 vel
1143 3255 1268 3310 eodioem
1282 3255 1413 3328 optimum

301 3350 485 3431 (Parisinum)
508 3357 603 3430 pravis
626 3357 772 3430 seripturis
792 3375 807 3414 a
826 3357 942 3421 librario
960 3357 1127 3429 inquinatum
1148 3373 1221 3414 esse.
1262 3357 1414 3422 Verissima

301 3454 388 3532 igitur
414 3459 480 3516 ruibi
504 3440 615 3516 videtur
640 3467 671 3516 et
698 3460 851 3517 certissima
878 3460 1034 3516 emendatio
1060 3459 1124 3530 illa,
1152 3461 1338 3532 cujuscunque
1360 3467 1413 3531 est,

302 3552 412 3640 ἄκραν,
436 3577 515 3634 qvam
528 3562 692 3618 Latronnius
710 3563 773 3635 ipse
787 3553 896 3634 qvoqve
910 3555 954 3633 (in
967 3543 1101 3618 addendis
1114 3577 1180 3634 pag.
1194 3555 1262 3634 447)
1279 3562 1360 3619 alteri
1372 3563 1415 3619 illi
1491 3591 1493 3598 ·

302 3652 435 3742 (ἁδράν)
453 3663 664 3737 praeferendam
683 3681 747 3721 esse
766 3671 861 3722 monet
885 3671 914 3720 et
932 3665 961 3722 in
980 3649 1072 3721 Latina
1092 3665 1322 3737 interpretatione
1341 3664 1413 3722 adeo

287 3774 289 3776 ’
302 3768 437 3839 seqnitur,
450 3767 518 3821 lieet
530 3765 604 3839 apud
616 3782 679 3842 eum
690 3764 840 3823 inGraeois
853 3759 943 3838 (haud
956 3765 1039 3822 dubie
1054 3783 1153 3823 erroro
1169 3759 1302 3838 quodam)
1316 3755 1415 3845 r’s'dpar
1532 3787 1537 3796 ·

304 3863 378 3942 (sio)
392 3868 553 3925 editumsit.
979 3934 983 3945 ι
1157 3939 1162 3956 1

351 3986 358 3990 ·
407 3970 458 4027 Vs.
471 3973 533 4028 m
573 3968 707 4041 tonsos,
720 3969 889 4028 libsebelius
905 3975 933 4026 et
947 3969 1079 4027 idoneitas
1093 3971 1210 4027 babent:
1223 3965 1325 4044 νῆσον,
1340 3973 1416 4042 qvod

304 4073 472 4144 vindingius
485 4073 515 4130 in
527 4070 621 4148 νῆσος
637 4073 759 4145 mutavit,
779 4089 895 4145 eumque
909 4073 1068 4144 bubones,
1083 4059 1417 4162 Alexan‘dridespGaitius

304 4182 343 4248 et,
365 4175 440 4248 qvod
458 4175 555 4247 miror,
574 4175 740 4232 betronnius
758 4175 867 4248 seovuti
886 4181 957 4232 sunt.
1001 4173 1129 4232 Attamen
1148 4176 1282 4246 Soymnus
1305 4192 1416 4234 aoousa·
1449 4171 1454 4184 ⁸
1512 4231 1518 4242 ,

304 4279 367 4356 tivo
377 4295 444 4336 oasa
458 4271 581 4352 (νῆσον)
599 4279 628 4334 1ι.
640 4279 660 4334 l.
679 4284 759 4334 reete
778 4278 819 4334 uti
840 4277 946 4350 potuit,
971 4283 1001 4332 ut
1018 4279 1074 4350 jam
1096 4279 1273 4336 doctissimus
1293 4277 1417 4336 biilierus

212 4377 215 4385 '
304 4381 394 4453 aidis,
427 4381 473 4453 qai
500 4380 529 4437 iu
554 4381 747 4454 supplemento
773 4377 934 4453 Geograpb.
961 4396 1027 4452 pag.
1053 4384 1107 4439 298
1133 4381 1278 4439 verissime
1304 4381 1417 4438 scribit:

305 4484 425 4561 „bom
443 4484 527 4556 tepou
547 4482 630 4555 qr'on
643 4483 704 4540 doit
716 4483 844 4557 adopter.
885 4483 937 4539 bes
952 4482 1074 4540 editeurs
1089 4489 1138 4541 ont
1151 4490 1208 4541 tort
1222 4484 1257 4540 de
1270 4489 1430 4557 rapporter

306 4603 341 4643 oe
353 4593 412 4644 mot
429 4573 585 4664 elmodad,
606 4585 643 4644 du
656 4603 721 4644 vers
738 4585 903 4660 prtatdeut‚
923 4603 1007 4660 paros
1027 4603 1080 4659 qve
1102 4589 1174 4644 oettd
1194 4586 1240 4645 ile.
1249 4573 1363 4663 Σαρδώ
1377 4592 1421 4644 est
1509 4589 1512 4594 “
